@online{GOO01,
  Author = {Craig Smith},
  Title = {By the numbers: a gigantic list of google stats and facts},
  Year = {2016},
  howpublished = {\url{http://expandedramblings.com/index.php/by-the-numbers-a-gigantic-list-of-google-stats-and-facts/}},
}

@online{FAC01,
  Author = {Pamela Vagata and Kevin Wilfong},
  Title = {Scaling the Facebook data warehouse to 300 PB},
  Year = {2014},
  howpublished = {\url{https://code.facebook.com/posts/229861827208629/scaling-the-facebook-data-warehouse-to-300-pb/}}
}

@book{MacQueen,
	Author = {James MacQueen},
	Publisher = {Berkeley, University of California Press},
	Title = {Some Methods for classification and Analysis of Multivariate Observations},
	urldate = {16 jun 2016},
	url = {https://projecteuclid.org/download/pdf_1/euclid.bsmsp/1200512992},
	Year = {1967}}

@book{HASTIE,
  Author = {Trevor Hastie and Robert Tibshirani and Jerome Friedman},
  Title = {The Elements of Statistical Learning: Data Mining, Inference, and Prediction, Second Edition (Springer Series in Statistics)},
  Publisher = {Springer},
  Year = {2011},
  ISBN = {0387848576}
}

@misc{KAGGLE,
  Title = {Kaggle: Your Home for Data Science},
  howpublished = {\url{https://www.kaggle.com/}},
}

@misc{SPARK,
  Title = {Apache Spark - Lightning-Fast Cluster Computing},
  howpublished = {\url{http://spark.apache.org/}},
}

@misc{SCI,
  Title = {Scikit-learn: machine learning in Python},
  howpublished = {\url{http://scikit-learn.org/stable/}},
}